<?xml version="1.0" encoding="UTF-8"?>
<collection xmlns:xsi="http://www.w3.org/2001/XMLSchema-instance" xsi:schemaLocation="http://www.loc.gov/MARC21/slim http://www.loc.gov/standards/marcxml/schema/MARC21slim.xsd" xmlns="http://www.loc.gov/MARC21/slim">
<record>
  <leader>00899mam a2200217 a 4500</leader>
  <controlfield tag="001">3367872</controlfield>
  <controlfield tag="003">NNC</controlfield>
  <controlfield tag="005">20130426163854.0</controlfield>
  <controlfield tag="008">950707s1954    ua af         000 0 ara d</controlfield>
  <datafield tag="035" ind1=" " ind2=" ">
    <subfield code="a">(OCoLC)ocm32775186</subfield>
  </datafield>
  <datafield tag="035" ind1=" " ind2=" ">
    <subfield code="9">AVD2308CU</subfield>
  </datafield>
  <datafield tag="035" ind1=" " ind2=" ">
    <subfield code="a">(NNC)3367872</subfield>
  </datafield>
  <datafield tag="040" ind1=" " ind2=" ">
    <subfield code="a">EYW</subfield>
    <subfield code="c">EYW</subfield>
  </datafield>
  <datafield tag="100" ind1="1" ind2=" ">
    <subfield code="a">Sharīf al-Murtaḍá, ʻAlam al-Hudá ʻAlī ibn al-Ḥusayn,</subfield>
    <subfield code="d">966-1044 or 1045.</subfield>
  </datafield>
  <datafield tag="245" ind1="1" ind2="0">
    <subfield code="a">Amālī al-Murtaḍá :</subfield>
    <subfield code="b">ghurar al-fawāʾid wa-durar al-qalāʾid /</subfield>
    <subfield code="c">lil-Sharīf al-Murtaḍá ʻAlī ibn al-Ḥusayn al-Musawī al-ʻAlawī ; taḥqīq Muḥammad Abū al-Faḍl Ibrāhīm.</subfield>
  </datafield>
  <datafield tag="246" ind1="3" ind2="0">
    <subfield code="a">Ghurar al-fawāʾid wa-durar al-qalāʾid</subfield>
  </datafield>
  <datafield tag="260" ind1=" " ind2=" ">
    <subfield code="a">[Cairo] :</subfield>
    <subfield code="b">Dār Iḥyāʾ al-Kutub al-ʻArabīyah,</subfield>
    <subfield code="c">1954, 1373 H.</subfield>
  </datafield>
  <datafield tag="300" ind1=" " ind2=" ">
    <subfield code="a">2 v. in 3 ;</subfield>
    <subfield code="c">26 cm.</subfield>
  </datafield>
  <datafield tag="700" ind1="1" ind2=" ">
    <subfield code="a">ʻAlawī, ʻAlī ibn al-Ḥusayn.</subfield>
  </datafield>
  <datafield tag="700" ind1="1" ind2=" ">
    <subfield code="a">Ibrāhīm, Muḥammad Abū al-Faḍl.</subfield>
  </datafield>
  <datafield tag="955" ind1=" " ind2=" ">
    <subfield code="b">0040569578</subfield>
    <subfield code="d">glx</subfield>
    <subfield code="e">893.799 M969</subfield>
    <subfield code="v">v.2</subfield>
  </datafield>
</record>
</collection>